<?xml version="1.0" encoding="UTF-8"?><collection xmlns="http://www.loc.gov/MARC21/slim"><record><leader>00648nam--2200205-i-4500</leader><controlfield tag="001">000040410</controlfield><controlfield tag="002">20161230</controlfield><controlfield tag="005">20161230201042</controlfield><controlfield tag="008">060222s1000------------r-----000-0-eng-d</controlfield><datafield ind1=" " ind2=" " tag="020"><subfield code="a">0306305860</subfield></datafield><datafield ind1=" " ind2=" " tag="040"><subfield code="a">IFIN-HH</subfield></datafield><datafield ind1=" " ind2=" " tag="080"><subfield code="a">537.312.62</subfield></datafield><datafield ind1="1" ind2=" " tag="100"><subfield code="a">Savitskii,E.M</subfield></datafield><datafield ind1="1" ind2="0" tag="245"><subfield code="a">Superconducting materials</subfield><subfield code="b">Translated from russian by g.d. archard</subfield><subfield code="c">E.m. savitskii; v.v. baron; yu.v. efimov; m.i. bychkova; l.f. myzenkova</subfield></datafield><datafield ind1=" " ind2=" " tag="260"><subfield code="a">New York</subfield><subfield code="b">Plenum Press</subfield><subfield code="c">1973</subfield></datafield><datafield ind1=" " ind2=" " tag="300"><subfield code="a">XIV + 459 P</subfield></datafield><datafield ind1=" " ind2=" " tag="490"><subfield code="a">The International Cryogenics Monograph Series</subfield></datafield><datafield ind1="1" ind2=" " tag="700"><subfield code="a">Myzenkova, L.F</subfield></datafield><datafield ind1=" " ind2=" " tag="852"><subfield code="a">77401</subfield><subfield code="c">537:538</subfield></datafield><datafield ind1=" " ind2=" " tag="CAT"><subfield code="a">Sys</subfield><subfield code="c">20110629</subfield><subfield code="h">143340</subfield></datafield></record></collection>